<?xml version="1.0" encoding="UTF-8"?><collection xmlns="http://www.loc.gov/MARC21/slim"><record><leader>00405nam--2200133-i-4500</leader><controlfield tag="001">000024693</controlfield><controlfield tag="002">20161230</controlfield><controlfield tag="005">20161230201035</controlfield><controlfield tag="008">060222s1000------------r-----000-0-eng-d</controlfield><datafield ind1=" " ind2=" " tag="080"><subfield code="a">543.42(043)</subfield></datafield><datafield ind1=" " ind2=" " tag="100"><subfield code="a">Hassan, Galal Eldin Mohamed Ali</subfield></datafield><datafield ind1=" " ind2=" " tag="245"><subfield code="a">The atomic spectsra of neodymium ndi and nd ii dissertation</subfield></datafield><datafield ind1=" " ind2=" " tag="260"><subfield code="a">Amsterdam, Dsrukkerij En Uitgeverij Jacob Van Campen, 1962. 175 P</subfield></datafield><datafield ind1=" " ind2=" " tag="852"><subfield code="a">77030</subfield></datafield></record></collection>